@inproceedings{naylor2014cost,
  title={The Cost of the {S} in {HTTPS}},
  author={Naylor, David and Finamore, Alessandro and Leontiadis, Ilias and Grunenberger, Yan and Mellia, Marco and Munaf{\`o}, Maurizio and Papagiannaki, Konstantina and Steenkiste, Peter},
  booktitle={10th ACM International on Conference on emerging Networking Experiments and Technologies},
  pages={133--140},
  year={2014},
  organization={ACM}
}

@misc{rfc7258,
  author="S. Farrell and H. Tschofenig",
  title="{Pervasive Monitoring Is an Attack}",
  series="Request for Comments",
  number="7258",
  howpublished="RFC 7258 (Best Current Practice)",
  publisher="IETF",
  organization="Internet Engineering Task Force",
  year=2014,
  month=may,
    url="http://www.ietf.org/rfc/rfc7258.txt",
}

@misc{rfc7540,
  author="M. Belshe and R. Peon and M. Thomson",
  title="{Hypertext Transfer Protocol Version 2 ({HTTP/2})}",
  series="Request for Comments",
  number="7540",
  howpublished="RFC 7540 (Proposed Standard)",
  publisher="IETF",
  organization="Internet Engineering Task Force",
  year=2015,
  month=may,
    url="http://www.ietf.org/rfc/rfc7540.txt",
}

@article{pan2011survey,
  title={A survey of the research on future internet architectures},
  author={Pan, Jianli and Paul, Subharthi and Jain, Raj},
  journal={Communications Magazine, IEEE},
  volume={49},
  number={7},
  pages={26--36},
  year={2011},
  publisher={IEEE}
}

@article{grafl2013scalable,
  title={Scalable media coding enabling content-aware networking},
  author={Grafl, Michael and Timmerer, Christian and Hellwagner, Hermann and Xilouris, George and Gardikis, Georgios and Renzi, Daniele and Battista, Stefano and Borcoci, Eugen and Negru, Daniel},
  journal={MultiMedia, IEEE},
  volume={20},
  number={2},
  pages={30--41},
  year={2013},
  publisher={IEEE}
}

@misc{cisco2014VNI,
  title = {{Cisco Visual Networking Index: Global Mobile Data Traffic Forecast Update 2014–2019}},
  url={http://www.cisco.com/c/en/us/solutions/collateral/service-provider/visual-networking-index-vni/white_paper_c11-520862.html},
  year={2015},
  month={February},
  author={Cisco}
}


@inproceedings{Juluri:2011:PTA:2043468.2043517,
 author = {Juluri, Parikshit and Plissonneau, Louis and Medhi, Deep},
 title = {Pytomo: A Tool for Analyzing Playback Quality of {YouTube} Videos},
 booktitle = {23rd International Teletraffic Congress},
 series = {ITC '11},
 year = {2011},
 isbn = {978-0-9836283-0-9},
 location = {San Francisco, California},
 pages = {304--305},
 numpages = {2},
 url = {http://dl.acm.org/citation.cfm?id=2043468.2043517},
 acmid = {2043517},
 publisher = {International Teletraffic Congress},
 keywords = {DNS, HTTP Streaming, QoE},
} 


@inproceedings{bosman2012fluid,
  title={A fluid model analysis of streaming media in the presence of time-varying bandwidth},
  author={Bosman, Joost W and van der Mei, Robert D and N{\'u}{\~n}ez-Queija, Rudesindo},
  booktitle={24th International Teletraffic Congress},
  pages={31},
  year={2012},
  organization={International Teletraffic Congress}
}

@article{fiedler2014exponential,
  title={Exponential On-Off Traffic Models for Quality of Experience and Quality of Service Assessment},
  author={Fiedler, Markus and Shaikh, Junaid and Elepe, Vijaya John David},
  journal={PIK-Praxis der Informationsverarbeitung und Kommunikation},
  volume={37},
  number={4},
  pages={297--304},
  year={2014}
}

@article{staehle2010yomo,
  title={{YoMo}: a Youtube application comfort monitoring tool},
  author={Staehle, Barbara and Hirth, Matthias and Pries, Rastin and Wamser, Florian and Staehle, Dirk},
  journal={QoEMCS EuroITV},
  year={2010}
}

@inproceedings{jarschel2013sdn,
  title={{SDN}-based application-aware networking on the example of {YouTube} video streaming},
  author={Jarschel, Michael and Wamser, Florian and Hohn, Thomas and Zinner, Thomas and Tran-Gia, Phuoc},
  booktitle={Software Defined Networks (EWSDN), 2013 Second European Workshop on},
  pages={87--92},
  year={2013},
  organization={IEEE}
}

@article{staehle2011aquareyoum,
  title={{AquareYoum}: Application-and Quality of Experience-Aware Resource Management for {YouTube} in Wireless Mesh Networks.},
  author={Staehle, Barbara and Wamser, Florian and Hirth, Matthias and Stezenbach, David and Staehle, Dirk},
  journal={Praxis der Informationsverarbeitung und Kommunikation},
  volume={34},
  number={3},
  pages={144--148},
  year={2011}
}

@INPROCEEDINGS{casas2013youtubeQoEmonitoring3g,
  author = {Pedro Casas and  Raimund Schatz and  Tobias Ho{\ss}feld},
  title = {{Monitoring {YouTube} {QoE}: Is Your Mobile Network Delivering the Right Experience to your Customers?}},
  booktitle = {2013 {IEEE} Wireless Communications and Networking Conference ({WCNC} 2013)},
  address = {Shanghai, China},
  month = apr,
  year = {2013},
}

@article{barakovic2013survey,
  title={Survey and challenges of {QoE} management issues in wireless networks},
  author={Barakovi{\'c}, Sabina and Skorin-Kapov, Lea},
  journal={Journal of Computer Networks and Communications},
  volume={2013},
  year={2013},
  publisher={Hindawi Publishing Corporation}
}

@article{hobfeld2012challenges,
  title={Challenges of {QoE} management for cloud applications},
  author={Ho{\ss}feld, Tobias and Schatz, Raimund and Varela, Martin and Timmerer, Christian},
  journal={Communications Magazine, IEEE},
  volume={50},
  number={4},
  pages={28--36},
  year={2012},
  publisher={IEEE}
}

@inproceedings{moller2013gaming,
  title={Gaming taxonomy: An overview of concepts and evaluation methods for computer gaming {QoE}},
  author={Moller, S and Schmidt, Steven and Beyer, Justus},
  booktitle={Quality of Multimedia Experience (QoMEX), 2013 Fifth International Workshop on},
  pages={236--241},
  year={2013},
  organization={IEEE}
}

@article{jarschel2013gaming,
  title={Gaming in the clouds: {QoE} and the users’ perspective},
  author={Jarschel, Michael and Schlosser, Daniel and Scheuring, Sven and Ho{\ss}feld, Tobias},
  journal={Mathematical and Computer Modelling},
  volume={57},
  number={11},
  pages={2883--2894},
  year={2013},
  publisher={Elsevier}
}

@inproceedings{villa2011towards,
  title={Towards knowledge-driven {QoE} optimization in home gateways},
  author={Villa, Bj{\o}rn J and Heegaard, Poul E},
  booktitle={ICNS 2011, The Seventh International Conference on Networking and Services},
  pages={252--256},
  year={2011}
}

@article{ickin2014vlqoe,
  title={{VLQoE}: Video {QoE} instrumentation on the smartphone},
  author={Ickin, Selim and Fiedler, Markus and Wac, Katarzyna and Arlos, Patrik and Temiz, Canberk and Mkocha, Khadija},
  journal={Multimedia Tools and Applications},
  pages={1--31},
  year={2014},
  publisher={Springer}
}

@inproceedings{plissonneau2012analyzing,
  title={Analyzing the impact of YouTube delivery policies on user experience},
  author={Plissonneau, Louis and Biersack, Ernst and Juluri, Parikshit},
  booktitle={24th International Teletraffic Congress},
  pages={28},
  year={2012},
  organization={International Teletraffic Congress}
}

@inproceedings{diallo2014impacts,
  title={Impacts of video Quality of Experience on User Engagement in a live event},
  author={Diallo, Mamadou Tourad and Fieau, Fr{\'e}d{\'e}ric and Hennequin, Jean-Baptiste},
  booktitle={Multimedia and Expo Workshops (ICMEW), 2014 IEEE International Conference on},
  pages={1--7},
  year={2014},
  organization={IEEE}
}

@article{de2013evaluating,
  title={Evaluating {QoE} by means of traditional and alternative subjective measures: an exploratory'living room lab'study on {IPTV}},
  author={De Moor, Katrien and Quintero, M Rios and Strohmeier, Dominik and Raake, Alexander},
  journal={Vienna, Austria},
  year={2013}
}


@article{xu2014analysis,
  title={Analysis of Buffer Starvation with Application to Objective {QoE} Optimization of Streaming Services},
  author={Xu, Yuedong and Altman, Eitan and El-Azouzi, Rachid and Haddad, Majed and Elayoubi, Salaheddine and Jimenez, Tania},
  journal={Multimedia, IEEE Transactions on},
  volume={16},
  number={3},
  pages={813--827},
  year={2014},
  publisher={IEEE}
}


@INPROCEEDINGS{6229739,
  author={Metzger, F. and Rafetseder, A. and Tutschku, K.},
  booktitle={Packet Video Workshop (PV), 2012 19th International},
  title={A performance evaluation framework for video streaming},
  year={2012},
  pages={19-24},
  doi={10.1109/PV.2012.6229739},
}


@ARTICLE{ma2011mobile,
  author={Ma, K.J. and Bartos, R. and Bhatia, S. and Nair, R.},
  journal={Communications Magazine, IEEE},
  title={Mobile video delivery with {HTTP}},
  year={2011},
  volume={49},
  number={4},
  pages={166-175},
  doi={10.1109/MCOM.2011.5741161},
  ISSN={0163-6804}
}

@article{watching-video1,
  address = {Los Alamitos, CA, USA},
  author = {Begen, A. and Akgul, T. and Baugher, M.},
  doi = {10.1109/MIC.2010.155},
  issn = {1089-7801},
  journal = {IEEE Internet Computing},
  month = mar,
  number = {2},
  pages = {54--63},
  priority = {2},
  publisher = {IEEE Computer Society},
  title = {{Watching Video over the Web: Part 1: Streaming Protocols}},
  url = {http://dx.doi.org/10.1109/MIC.2010.155},
  volume = {15},
  year = {2011}
}

@inproceedings{hossfeld2015according,
  title={To Each According to his Needs: Dimensioning Video Buffer for Specific User Profiles and Behavior},
  author={Ho\ss{}feld, T and Moldovan, Christian and Schwartz, Christian},
  booktitle={Third IFIP/IEEE International Workshop on Quality of Experience Centric Management (QCMan 2015)},
  year={2015},
  address = {Ottawa, Canada},
  organization={IEEE}
}


@inproceedings{hossfeld2014prospects,
  title={Prospects of {HTTP} Adaptive Streaming: Analysis of {QoE} Optimal Adaptation Strategy},
  author={Ho\ss{}feld, T and Seufert, Michael and Sieber, Christian and Zinner, Thomas and Tran-Gia, Phuoc},
  booktitle={ComNet 2014: The fourth International Conference on Communications and Networking},
  year={2014},
  address = {Hammamet, Tunisia},
  organization={IEEE}
}

@inproceedings{hossfeld2011sos,
  title={{{SOS}: The {MOS} is not enough!}},
  author={Ho\ss{}feld, T and Schatz, Raimund and Egger, Sebastian},
  booktitle={Third International Workshop on Quality of Multimedia Experience (QoMEX 2011)},
  pages={131--136},
  year={2011},
  address = {Mechelen, Belgium},
  organization={IEEE}
}

@article{dobrian2011understanding,
  title={Understanding the impact of video quality on user engagement},
  author={Dobrian, Florin and Sekar, Vyas and Awan, Asad and Stoica, Ion and Joseph, Dilip and Ganjam, Aditya and Zhan, Jibin and Zhang, Hui},
  journal={ACM SIGCOMM Computer Communication Review},
  volume={41},
  number={4},
  pages={362--373},
  year={2011},
  publisher={ACM}
}

@inproceedings{liu2012case,
  title={A case for a coordinated internet video control plane},
  author={Liu, Xi and Dobrian, Florin and Milner, Henry and Jiang, Junchen and Sekar, Vyas and Stoica, Ion and Zhang, Hui},
  booktitle={ACM SIGCOMM 2012 conference on Applications, technologies, architectures, and protocols for computer communication},
  pages={359--370},
  year={2012},
  organization={ACM}
}

@inproceedings{balachandran2013developing,
  title={Developing a predictive model of quality of experience for internet video},
  author={Balachandran, Athula and Sekar, Vyas and Akella, Aditya and Seshan, Srinivasan and Stoica, Ion and Zhang, Hui},
  booktitle={ACM SIGCOMM Computer Communication Review},
  volume={43},
  number={4},
  pages={339--350},
  year={2013},
  organization={ACM}
}

@inproceedings{balachandran2012quest,
   author = {Balachandran, Athula and Sekar, Vyas and Akella, Aditya and Seshan, Srinivasan and Stoica, Ion and Zhang, Hui},
   title = {A Quest for an Internet Video Quality-of-experience Metric},
   booktitle = {11th ACM Workshop on Hot Topics in Networks},
   series = {HotNets-XI},
   year = {2012},
   isbn = {978-1-4503-1776-4},
   location = {Redmond, Washington},
   pages = {97--102},
   numpages = {6},
   url = {http://doi.acm.org/10.1145/2390231.2390248},
   doi = {10.1145/2390231.2390248},
   acmid = {2390248},
   publisher = {ACM},
   address = {New York, NY, USA},
}

@article{krishnan2013video,
  title={Video stream quality impacts viewer behavior: inferring causality using quasi-experimental designs},
  author={Krishnan, S Shunmuga and Sitaraman, Ramesh K},
  journal={Networking, IEEE/ACM Transactions on},
  volume={21},
  number={6},
  pages={2001--2014},
  year={2013},
  publisher={IEEE}
}

@article{gakis1995distributions,
  title={Distributions and first moments of the busy and idle periods in controllable {M/G/1} queueing models with simple and dyadic policies},
  author={Gakis, KG and Rhee, Hyun-Ku and Sivazlian, BD},
  journal={Stochastic Analysis and Applications},
  volume={13},
  number={1},
  pages={47--81},
  year={1995},
  publisher={Taylor \& Francis}
}

@article{zhang2004n,
  title={The {N} threshold policy for the {GI/M/1} queue},
  author={Zhang, Zhe George and Tian, Naishuo},
  journal={Operations Research Letters},
  volume={32},
  number={1},
  pages={77--84},
  year={2004},
  publisher={Elsevier}
}

@article{ke2002recursive,
  title={A recursive method for the {N} policy {G/M/1} queueing system with finite capacity},
  author={Ke, Jau-Chuan and Wang, Kuo-Hsiung},
  journal={European Journal of Operational Research},
  volume={142},
  number={3},
  pages={577--594},
  year={2002},
  publisher={Elsevier}
}

@article{seufert2015identifying,
  title={Identifying {QoE} Optimal Adaptation of {HTTP} Adaptive Streaming Based on Subjective Studies},
  author={Seufert, Michael and Sieber, Christian and Zinner, Thomas and Tran-Gia, Phuoc and others},
  journal={Computer Networks},
  year={2015},
  publisher={Elsevier}
}

@inproceedings{shafiq2014understanding,
  title={Understanding the impact of network dynamics on mobile video user engagement},
  author={Shafiq, Muhammad Zubair and Erman, Jeffrey and Ji, Lusheng and Liu, Alex X and Pang, Jeffrey and Wang, Jia},
  booktitle={The 2014 ACM international conference on Measurement and modeling of computer systems},
  pages={367--379},
  year={2014},
  organization={ACM}
}

@incollection{lehmann2012models,
  title={Models of user engagement},
  author={Lehmann, Janette and Lalmas, Mounia and Yom-Tov, Elad and Dupret, Georges},
  booktitle={User Modeling, Adaptation, and Personalization},
  pages={164--175},
  year={2012},
  publisher={Springer}
}

@incollection{hossfeld2013internet,
  title={Internet video delivery in {YouTube}: from traffic measurements to quality of experience},
  author={Ho{\ss}feld, Tobias and Schatz, Raimund and Biersack, Ernst and Plissonneau, Louis},
  booktitle={Data Traffic Monitoring and Analysis},
  pages={264--301},
  year={2013},
  publisher={Springer}
}

@incollection{schatz2013packets,
  title={From packets to people: quality of experience as a new measurement challenge},
  author={Schatz, Raimund and Ho{\ss}feld, Tobias and Janowski, Lucjan and Egger, Sebastian},
  booktitle={Data traffic monitoring and analysis},
  pages={219--263},
  year={2013},
  publisher={Springer}
}

@article{swett2010neural,
  title={Neural substrates of graphomotor sequence learning: A combined {fMRI} and kinematic study},
  author={Swett, Bruce A and Contreras-Vidal, Jose L and Birn, Rasmus and Braun, Allen},
  journal={Journal of neurophysiology},
  volume={103},
  number={6},
  pages={3366--3377},
  year={2010},
  publisher={Am Physiological Soc}
}

@article{julurimeasurement,
  title={Measurement of Quality of Experience of Video-on-Demand Services: A Survey},
  author={Juluri, Parikshit and Tamarapalli, Venkatesh and Medhi, Deep},
  publisher={IEEE},
  year={2015}
}

@inproceedings{muller2012evaluation,
  title={An evaluation of dynamic adaptive streaming over HTTP in vehicular environments},
  author={M{\"u}ller, Christopher and Lederer, Stefan and Timmerer, Christian},
  booktitle={4th Workshop on Mobile Video},
  pages={37--42},
  year={2012},
  organization={ACM}
}

@inproceedings{frohlich2012qoe,
  title={Qoe in 10 seconds: Are short video clip lengths sufficient for quality of experience assessment?},
  author={Frohlich, Peter and Egger, Sebastian and Schatz, Raimund and Muhlegger, M and Masuch, Kathrin and Gardlo, Bruno},
  booktitle={Quality of Multimedia Experience (QoMEX), 2012 Fourth International Workshop on},
  pages={242--247},
  year={2012},
  organization={IEEE}
}

@inproceedings{borowiak2012quality,
  title={Quality evaluation of long duration audiovisual content},
  author={Borowiak, Adam and Reiter, Ulrich and Svensson, U Peter},
  booktitle={Consumer Communications and Networking Conference (CCNC), 2012 IEEE},
  pages={337--341},
  year={2012},
  organization={IEEE}
}

@inproceedings{rose1999memory,
  title={A memory Markov chain model for VBR traffic with strong positive correlations},
  author={Rose, Oliver},
  booktitle={16th ITC},
  pages={827--836},
  year={1999}
}

@article{rose1997simple,
  title={Simple and efficient models for variable bit rate MPEG video traffic},
  author={Rose, Oliver},
  journal={Performance Evaluation},
  volume={30},
  number={1},
  pages={69--85},
  year={1997},
  publisher={Elsevier}
}

@incollection{kempken2007modeling,
  title={Modeling of H. 264 high definition video traffic using discrete-time semi-Markov processes},
  author={Kempken, Sebastian and Luther, Wolfram},
  booktitle={Managing Traffic Performance in Converged Networks},
  pages={42--53},
  year={2007},
  publisher={Springer}
}

@article{de2015prediction,
  title={Prediction Metrics for QoE/QoS in Wireless Video Networks for Indoor Environmental Planning: A Bayesian Approach},
  author={de Carvalho, Andr{\'e} Augusto Pacheco and Carmona, Jo{\~a}o Victor Costa and de Araujo, Jasmine Priscyla Leite and de Castro Fraiha, Simone da Gra{\c{c}}a and Gomes, Herm{\'\i}nio Sim{\~o}es and dos Santos Cavalcante, Gerv{\'a}sio Prot{\'a}sio},
  journal={ICN 2015},
  pages={183},
  year={2015}
}

@inproceedings{minhas2012mobile,
  title={Mobile video sensitivity to packet loss and packet delay variation in terms of QoE},
  author={Minhas, Tahir Nawaz and Lagunas, Oziel Gonzalez and Arlos, Patrik and Fiedler, Markus},
  booktitle={Packet Video Workshop (PV), 2012 19th International},
  pages={83--88},
  year={2012},
  organization={IEEE}
}

@inproceedings{wilk2014influence,
  title={The influence of camera shakes, harmful occlusions and camera misalignment on the perceived quality in user generated video},
  author={Wilk, Stefan and Effelsberg, Wolfgang},
  booktitle={Multimedia and Expo (ICME), 2014 IEEE International Conference on},
  pages={1--6},
  year={2014},
  organization={IEEE}
}

@inproceedings{orosz2015towards,
  title={Towards estimating video QoE based on frame loss statistics of the video streams},
  author={Orosz, Peter and Skopko, Tamas and Varga, Pal},
  booktitle={Integrated Network Management (IM), 2015 IFIP/IEEE International Symposium on},
  pages={1282--1285},
  year={2015},
  organization={IEEE}
}

@article{nguyenbenchmarking,
  title={Benchmarking in Virtual Desktops for End-to-End Performance Traceability},
  author={Nguyen, Trung and Calyam, Prasad and Antequera, Ronny Bazan}
}

@article{hossfeld2011transport,
  title={Transport protocol influences on YouTube videostreaming QoE},
  author={Ho{\ss}feld, Tobias and Schatz, Raimund and Zinner, Thomas and Seufert, Michael and Tran-Gia, Phuoc},
  journal={University of W{\"u}rzburg, Institute of Computer Science, Tech. Rep},
  year={2011}
}

@article{hossfeld2012quality,
  title={Quality of experience management for youTube: clouds, foG and the aquareYoum},
  author={Ho{\ss}feld, Tobias and Liers, Florian and Schatz, Raimund and Staehle, Barbara and Staehle, Dirk and Volkert, Thomas and Wamser, Florian},
  journal={PIK-Praxis der Informationsverarbeitung und Kommunikation},
  volume={35},
  number={3},
  pages={133--143},
  year={2012}
}

@article{hossfeld2015identifying,
  title={Identifying QoE optimal adaptation of HTTP adaptive streaming based on subjective studies},
  author={Ho{\ss}feld, Tobias and Seufert, Michael and Sieber, Christian and Zinner, Thomas and Tran-Gia, Phuoc},
  journal={Computer Networks},
  volume={81},
  pages={320--332},
  year={2015},
  publisher={Elsevier}
}

@inproceedings{dragic2014power,
  title={Power consumption and bandwidth savings with video transcoding to mobile device-specific spatial resolution},
  author={Dragic, Leon and Hofman, Daniel and Kovac, M and Zagar, Martin and Knezovic, Josip},
  booktitle={Communication Systems, Networks \& Digital Signal Processing (CSNDSP), 2014 9th International Symposium on},
  pages={348--352},
  year={2014},
  organization={IEEE}
}

@article{song2014acceptability,
  title={Acceptability-based QoE models for mobile video},
  author={Song, Wei and Tjondronegoro, Dian W},
  journal={Multimedia, IEEE Transactions on},
  volume={16},
  number={3},
  pages={738--750},
  year={2014},
  publisher={IEEE}
}

@inproceedings{li2012modeling,
  title={Modeling power consumption for video decoding on mobile platform and its application to power-rate constrained streaming},
  author={Li, Xin and Ma, Zhan and Fernandes, Felix C and others},
  booktitle={Visual Communications and Image Processing (VCIP), 2012 IEEE},
  pages={1--6},
  year={2012},
  organization={IEEE}
}

@article{atzori2014quality,
  title={Quality perception when streaming video on tablet devices},
  author={Atzori, Luigi and Floris, Alessandro and Ginesu, Giaime and Giusto, Daniele D},
  journal={Journal of Visual Communication and Image Representation},
  volume={25},
  number={3},
  pages={586--595},
  year={2014},
  publisher={Elsevier}
}

@article{cranley2006user,
  title={User perception of adapting video quality},
  author={Cranley, Nicola and Perry, Philip and Murphy, Liam},
  journal={International Journal of Human-Computer Studies},
  volume={64},
  number={8},
  pages={637--647},
  year={2006},
  publisher={Elsevier}
}

@inproceedings{mok2011measuring,
  title={Measuring the quality of experience of HTTP video streaming},
  author={Mok, Ricky KP and Chan, Edmond WW and Chang, Rocky KC},
  booktitle={Integrated Network Management (IM), 2011 IFIP/IEEE International Symposium on},
  pages={485--492},
  year={2011},
  organization={IEEE}
}

@inproceedings{liu2013user,
  title={User Experience Modeling for DASH Video},
  author={Liu, Yao and Dey, Shuvashis and Gillies, Don and Ulupinar, Faith and Luby, Michael},
  booktitle={Packet Video Workshop (PV), 2013 20th International},
  pages={1--8},
  year={2013},
  organization={IEEE}
}

@inproceedings{ni2011flicker,
  title={Flicker effects in adaptive video streaming to handheld devices},
  author={Ni, Pengpeng and Eg, Ragnhild and Eichhorn, Alexander and Griwodz, Carsten and Halvorsen, P{\aa}l},
  booktitle={19th ACM international conference on Multimedia},
  pages={463--472},
  year={2011},
  organization={ACM}
}

@inproceedings{jarschel2011evaluation,
  title={An evaluation of QoE in cloud gaming based on subjective tests},
  author={Jarschel, Michael and Schlosser, Daniel and Scheuring, Sven and Ho{\ss}feld, Tobias},
  booktitle={Innovative Mobile and Internet Services in Ubiquitous Computing (IMIS), 2011 Fifth International Conference on},
  pages={330--335},
  year={2011},
  organization={IEEE}
}

@article{li1992waiting,
  title={The waiting-time distribution for the GI/G/1 queue under the D-policy},
  author={Li, Jingwen and Niu, Shun-Chen},
  journal={Probability in the Engineering and Informational Sciences},
  volume={6},
  number={03},
  pages={287--308},
  year={1992},
  publisher={Cambridge Univ Press}
}

@article{maheswar2010power,
  title={Power control algorithm for wireless sensor networks using N-policy {M/M/1} queueing model},
  author={Maheswar, R and Jayaparvathy, R},
  journal={Power},
  volume={2},
  number={07},
  pages={2378--2382},
  year={2010},
  publisher={Citeseer}
}

@article{liu2010system,
  title={The System Size Distribution for {M/G/1} Queueing System under N-Policy with Startup/Closedown},
  author={Liu, Mingwu and Ma, Yongkai and Deng, Bin and others},
  journal={iBusiness},
  volume={2},
  number={04},
  pages={363},
  year={2010},
  publisher={Scientific Research Publishing}
}

@article{bohm1992transient,
  title={A transient analysis of {M/G/1} queues with N-policy},
  author={B{\"o}hm, Walter},
  journal={Statistical Papers},
  volume={33},
  number={1},
  pages={151--157},
  year={1992},
  publisher={Springer}
}

@article{zhang2004n,
  title={The N threshold policy for the {GI/M/1} queue},
  author={Zhang, Zhe George and Tian, Naishuo},
  journal={Operations Research Letters},
  volume={32},
  number={1},
  pages={77--84},
  year={2004},
  publisher={Elsevier}
}

@article{brunnstrom2013qualinet,
  title={Qualinet white paper on definitions of quality of experience (2012)},
  author={Brunnstr{\"o}m, Kjell and Beker, Sergio Ariel and De Moor, Katrien and Dooms, Ann and Egger, Sebastien and Garcia, Marie-Neige and Hossfeld, Tobias and Jumisko-Pyykk{\"o}, Satu and Keimel, Christian and Larabi, Chaker and others},
  journal={European Network on Quality of Experience in Multimedia Systems and Services (COST Action IC 1003), Patrick Le Callet, Sebastian Möller and Andrew Perkis, eds.},
  month={March},
  year={2013},
  location={Lausanne, Switzerland}
}

@inproceedings{hossfeld2012initial,
  title={Initial delay vs. interruptions: between the devil and the deep blue sea},
  author={Ho{\ss}feld, Tobias and Egger, Sebastian and Schatz, Raimund and Fiedler, Markus and Masuch, Kathrin and Lorentzen, Charlott},
  booktitle={Quality of Multimedia Experience (QoMEX), 2012 Fourth International Workshop on},
  pages={1--6},
  year={2012},
  organization={IEEE}
}

@article{yadin1963queueing,
  title={Queueing systems with a removable service station},
  author={Yadin, M and Naor, P},
  journal={OR},
  pages={393--405},
  year={1963},
  publisher={JSTOR}
}

@article{balachandran1975d,
  title={On the D-policy for the {M/G/1} queue},
  author={Balachandran, KR and Tijms, Henk},
  journal={Management Science},
  pages={1073--1076},
  year={1975},
  publisher={JSTOR}
}

@article{heyman1977t,
  title={The T-policy for the {M/G/1} queue},
  author={Heyman, Daniel P},
  journal={Management Science},
  volume={23},
  number={7},
  pages={775--778},
  year={1977},
  publisher={INFORMS}
}

@incollection{hossfeld2014qoe,
  title={Qoe of youtube video streaming for current internet transport protocols},
  author={Ho{\ss}feld, Tobias and Schatz, Raimund and Krieger, Udo R},
  booktitle={Measurement, Modelling, and Evaluation of Computing Systems and Dependability and Fault Tolerance},
  pages={136--150},
  year={2014},
  publisher={Springer}
}

@article{levy1975utilization,
  title={Utilization of idle time in an {M/G/1} queueing system},
  author={Levy, Yonatan and Yechiali, Uri},
  journal={Management Science},
  volume={22},
  number={2},
  pages={202--211},
  year={1975},
  publisher={Informs}
}

@article{seufert2014survey,
  title={A survey on quality of experience of HTTP adaptive streaming},
  author={Seufert, Michael and Egger, Sebastian and Slanina, Martin and Zinner, Thomas and Hobfeld, Tobias and Tran-Gia, Phuoc},
  journal={Communications Surveys \& Tutorials, IEEE},
  volume={17},
  number={1},
  pages={469--492},
  year={2014},
  publisher={IEEE}
}


@inproceedings{hossfeld2011quantification,
  title={Quantification of YouTube QoE via crowdsourcing},
  author={Ho{\ss}feld, Tobias and Seufert, Michael and Hirth, Matthias and Zinner, Thomas and Tran-Gia, Phuoc and Schatz, Raimund},
  booktitle={Multimedia (ISM), 2011 IEEE International Symposium on},
  pages={494--499},
  year={2011},
  organization={IEEE}
}

@inproceedings{hossfeld2008qualitative,
  title={A qualitative measurement survey of popular internet-based IPTV systems},
  author={Ho{\ss}feld, Tobias and Leibnitz, Kenji},
  booktitle={Communications and Electronics, 2008. ICCE 2008. Second International Conference on},
  pages={156--161},
  year={2008},
  organization={IEEE}
}


@inproceedings{casas2014youtube,
  title={YouTube all around: Characterizing YouTube from mobile and fixed-line network vantage points},
  author={Casas, Pedro and Fiadino, Pierdomenico and Bar, Arian and D'Alconzo, Alessandro and Finamore, Alessandro and Mellia, Marco},
  booktitle={Networks and Communications (EuCNC), 2014 European Conference on},
  pages={1--5},
  year={2014},
  organization={IEEE}
}

@inproceedings{plissonneau2012longitudinal,
  title={A longitudinal view of HTTP video streaming performance},
  author={Plissonneau, Louis and Biersack, Ernst},
  booktitle={3rd Multimedia Systems Conference},
  pages={203--214},
  year={2012},
  organization={ACM}
}


@article{garcia2012characterization,
  title={Characterization of isp traffic: Trends, user habits, and access technology impact},
  author={Garcia-Dorado, Jos{\'e} Luis and Finamore, Alessandro and Mellia, Marco and Meo, Michela and Munafo, M},
  journal={Network and Service Management, IEEE Transactions on},
  volume={9},
  number={2},
  pages={142--155},
  year={2012},
  publisher={IEEE}
}

@inproceedings{kim2006dimensioning,
  title={Dimensioning receiver buffer requirement for unidirectional VBR video streaming over TCP},
  author={Kim, Taehyun and Avadhanam, Niranjan and Subramanian, Sivaraman},
  booktitle={Image Processing, 2006 IEEE International Conference on},
  pages={3061--3064},
  year={2006},
  organization={IEEE}
}

@incollection{yao2011empirical,
  title={Empirical evaluation of HTTP adaptive streaming under vehicular mobility},
  author={Yao, Jun and Kanhere, Salil S and Hossain, Imran and Hassan, Mahbub},
  booktitle={NETWORKING 2011},
  pages={92--105},
  year={2011},
  publisher={Springer}
}
